@inproceedings{zhuang:2022,
  author       = {Shengyao Zhuang and Guido Zuccon},
  editor       = {Enrique Amig{\'{o}} and Pablo Castells and Julio Gonzalo and Ben Carterette and J. Shane Culpepper and Gabriella Kazai},
  title        = {Asyncval: {A} Toolkit for Asynchronously Validating Dense Retriever Checkpoints During Training},
  booktitle    = {{SIGIR} '22: The 45th International {ACM} {SIGIR} Conference on Research and Development in Information Retrieval, Madrid, Spain, July 11 - 15, 2022},
  pages        = {3235--3239},
  publisher    = {{ACM}},
  year         = {2022},
  url          = {https://doi.org/10.1145/3477495.3531658},
  doi          = {10.1145/3477495.3531658}
}

@inproceedings{mei:2008,
  author       = {Qiaozhu Mei and Kenneth Ward Church},
  editor       = {Marc Najork and Andrei Z. Broder and Soumen Chakrabarti},
  title        = {Entropy of search logs: how hard is search? with personalization? with backoff?},
  booktitle    = {Proceedings of the International Conference on Web Search and Web Data Mining, {WSDM} 2008, Palo Alto, California, USA, February 11-12, 2008},
  pages        = {45--54},
  publisher    = {{ACM}},
  year         = {2008},
  url          = {https://doi.org/10.1145/1341531.1341540},
  doi          = {10.1145/1341531.1341540}
}

